@misc{burkardt_2008, 
title={{CNF} Files},
howpublished= "\url{https://people.sc.fsu.edu/~jburkardt/data/cnf/cnf.html}", 
publisher={Department of Scientific Computing, Florida State University}, 
author={Burkardt, John},
year={2008}, 
month={May},
note="Accessed on 6 nov 2020."
}

@misc{breaban,
title={Algoritmi Genetici},
howpublished="\url{https://profs.info.uaic.ro/~pmihaela/GA/laborator3.html}",
publisher={Faculty of Computer Science Iaşi, Universitatea „Alexandru Ioan Cuza University of Iaşi”},
author={Breaban, Mihaela},
note="Accessed on 6 nov 2020."
}

@misc{harmeling_2000,
title={Solving Satisfability Problems with Genetic Algorithms},
howpublished="\url{https://is.tuebingen.mpg.de/fileadmin/user_upload/files/publications/genetic_sat_[0].pdf}",
publisher={Stanford University},
author={Harmeling, Stefan},
year={2000},
month={March},
note="Accessed on 6 nov 2020."
}